<record><leader>00000cas a22000007a 4500</leader><controlfield tag="001">27902553</controlfield><controlfield tag="008">930412d19311951scucr ne      0    0eng d</controlfield><datafield ind1=" " ind2=" " tag="010"><subfield code="a">sn 93067698 </subfield></datafield><datafield ind1=" " ind2=" " tag="040"><subfield code="a">SVN</subfield><subfield code="b">eng</subfield><subfield code="c">SVN</subfield><subfield code="d">OCLCQ</subfield></datafield><datafield ind1=" " ind2=" " tag="042"><subfield code="a">msc</subfield></datafield><datafield ind1="0" ind2="0" tag="245"><subfield code="a">Marlboro County herald.</subfield></datafield><datafield ind1=" " ind2=" " tag="260"><subfield code="a">Bennettsville, S.C. :</subfield><subfield code="b">Wm. L. Kinney</subfield></datafield><datafield ind1=" " ind2=" " tag="300"><subfield code="a">v.</subfield></datafield><datafield ind1=" " ind2=" " tag="310"><subfield code="a">Semiweekly,</subfield><subfield code="b">June 15, 1948 - Sept. 1, 1951</subfield></datafield><datafield ind1=" " ind2=" " tag="321"><subfield code="a">Weekly,</subfield><subfield code="b">Sept. 3, 1931 - June 10, 1948</subfield></datafield><datafield ind1="0" ind2=" " tag="362"><subfield code="a">Vol. 1, no. 1 (Sept. 3, 1931) - v. 66, no. 20 (Sept. 1, 1951).</subfield></datafield><datafield ind1=" " ind2="4" tag="651"><subfield code="a">Marlboro County (S.C.)</subfield><subfield code="v">Newspapers.</subfield></datafield><datafield ind1=" " ind2=" " tag="752"><subfield code="a">United States</subfield><subfield code="b">South Carolina</subfield><subfield code="c">Marlboro</subfield><subfield code="d">Bennettsville.</subfield></datafield><datafield ind1="0" ind2="7" tag="785"><subfield code="t">Pee Dee advocate</subfield><subfield code="w">(DLC)sn 93067687</subfield></datafield><datafield ind1="0" ind2="7" tag="785"><subfield code="t">Marlboro herald-advocate</subfield><subfield code="w">(DLC)sn 93067702</subfield></datafield></record>